<collection xmlns="http://www.loc.gov/MARC21/slim"><record><leader>01101nam  2200277   450</leader><controlfield tag="001">580</controlfield><controlfield tag="003">http://montalegre.opacnet.com/OPAC/default.aspx?ContentAreaControl=ShowRegHoldings.ascx&amp;RegNo=16662</controlfield><controlfield tag="005">20</controlfield><datafield tag="021" ind1=" " ind2=" "><subfield code="a">PT</subfield><subfield code="b">196777/03</subfield></datafield><datafield tag="100" ind1=" " ind2=" "><subfield code="a">20070518d2003    m  y0pory010305  ba</subfield></datafield><datafield tag="101" ind1="0" ind2=" "><subfield code="a">por</subfield></datafield><datafield tag="102" ind1=" " ind2=" "><subfield code="a">PT</subfield></datafield><datafield tag="200" ind1="1" ind2=" "><subfield code="a">Guerrilheiros Antifranquistas Em Trás-os-montes</subfield><subfield code="f">Bento da Cruz</subfield></datafield><datafield tag="210" ind1=" " ind2=" "><subfield code="a">Gondomar</subfield><subfield code="c">Barrosana EM</subfield><subfield code="d">2003</subfield></datafield><datafield tag="215" ind1=" " ind2=" "><subfield code="a">260, [2] p.</subfield><subfield code="d">24cm</subfield><subfield code="e">mapa das aldeias de acolhimento dos guerrilheiros</subfield></datafield><datafield tag="675" ind1=" " ind2=" "><subfield code="a">821.134.3(469.202)-94</subfield></datafield><datafield tag="675" ind1=" " ind2=" "><subfield code="a">008(469.202)</subfield></datafield><datafield tag="700" ind1=" " ind2="1"><subfield code="a">Cruz</subfield><subfield code="b">Bento da</subfield><subfield code="f">1925-</subfield><subfield code="2">Autoridade</subfield><subfield code="3">PT-----------2013051517190005737</subfield></datafield><datafield tag="801" ind1=" " ind2="0"><subfield code="a">PT</subfield><subfield code="b">Biblioteca Municipal de Montalegre</subfield><subfield code="g">RPC</subfield></datafield><datafield tag="856" ind1=" " ind2=" "><subfield code="u">locateMedia.asp?cod=20060519105051&amp;ext=jpg</subfield><subfield code="z">CAPA</subfield></datafield><datafield tag="909" ind1="&#9;" ind2=" "><subfield code="a">7</subfield></datafield><datafield tag="966" ind1=" " ind2=" "><subfield code="a">0015882</subfield><subfield code="l">BMM</subfield><subfield code="s">SCG 821.134.3(469.202) CRU gue</subfield></datafield><datafield tag="966" ind1=" " ind2=" "><subfield code="a">0015721</subfield><subfield code="l">BMM</subfield><subfield code="s">SCG 008(469.202) CRU gue</subfield></datafield><datafield tag="966" ind1=" " ind2=" "><subfield code="a">0016564</subfield><subfield code="l">BMM-PS</subfield><subfield code="s">PS 821.134.3(469.202) CRU gue</subfield></datafield><datafield tag="966" ind1=" " ind2=" "><subfield code="a">0017188</subfield><subfield code="l">BMM-PS</subfield><subfield code="s">PS 008(469.202) CRU gue</subfield></datafield><datafield tag="966" ind1=" " ind2=" "><subfield code="a">1001779</subfield><subfield code="l">BEM</subfield><subfield code="s">BEM 821.134.3 CRU</subfield></datafield><datafield tag="966" ind1=" " ind2=" "><subfield code="a">1103800</subfield><subfield code="l">BEBB</subfield><subfield code="s">BEBB 821.134.3 CRU</subfield></datafield><datafield tag="966" ind1=" " ind2=" "><subfield code="a">0019947</subfield><subfield code="l">BMM</subfield><subfield code="s">SCG 821.134.3(469.202)-94 CRU gue</subfield></datafield></record></collection>